<record><leader>00000cas a22000007a 4500</leader><controlfield tag="001">16209104</controlfield><controlfield tag="008">870716d1uuu19uualusr ne      0    0eng d</controlfield><datafield ind1=" " ind2=" " tag="010"><subfield code="a">sn 87050250 </subfield></datafield><datafield ind1=" " ind2=" " tag="040"><subfield code="a">AAR</subfield><subfield code="b">eng</subfield><subfield code="c">AAR</subfield><subfield code="d">CPN</subfield><subfield code="d">OCLCQ</subfield></datafield><datafield ind1=" " ind2=" " tag="042"><subfield code="a">msc</subfield></datafield><datafield ind1="0" ind2="0" tag="245"><subfield code="a">East Alabama messenger.</subfield></datafield><datafield ind1=" " ind2=" " tag="260"><subfield code="a">Girard, Ala. :</subfield><subfield code="b">Rev. G.W. Allen</subfield></datafield><datafield ind1=" " ind2=" " tag="310"><subfield code="a">Semimonthly</subfield></datafield><datafield ind1=" " ind2=" " tag="588"><subfield code="a">Description based on: New ser. vol. 2, no. 30 (May 19, 1904) = Old. ser. v. 4, no. 14.</subfield></datafield><datafield ind1=" " ind2=" " tag="752"><subfield code="a">United States</subfield><subfield code="b">Alabama</subfield><subfield code="c">Russell</subfield><subfield code="d">Girard.</subfield></datafield></record>